@article{rothblum1992characterization,
  title={Characterization of stable matchings as extreme points of a polytope},
  author={Rothblum, Uriel G},
  journal={Mathematical Programming},
  volume={54},
  number={1-3},
  pages={57--67},
  year={1992},
  publisher={Springer}
}

@book{lau2011iterative,
  title={Iterative methods in combinatorial optimization},
  author={Lau, Lap Chi and Ravi, Ramamoorthi and Singh, Mohit},
  volume={46},
  year={2011},
  publisher={Cambridge University Press}
}

@article{gale1962college,
  title={College admissions and the stability of marriage},
  author={Gale, David and Shapley, Lloyd S},
  journal={The American Mathematical Monthly},
  volume={69},
  number={1},
  pages={9--15},
  year={1962},
  publisher={JSTOR}
}

@article{vate1989linear,
  title={Linear programming brings marital bliss},
  author={Vate, John H Vande},
  journal={Operations Research Letters},
  volume={8},
  number={3},
  pages={147--153},
  year={1989},
  publisher={Elsevier}
}

@article{eirinakis2013polyhedral,
  title={Polyhedral aspects of stable marriage},
  author={Eirinakis, Pavlos and Magos, Dimitrios and Mourtos, Ioannis and Miliotis, Panayiotis},
  journal={Mathematics of Operations Research},
  volume={39},
  number={3},
  pages={656--671},
  year={2013},
  publisher={INFORMS}
}


@article{eirinakis2014one,
  title={From One Stable Marriage to the Next: How Long Is the Way?},
  author={Eirinakis, Pavlos and Magos, Dimitrios and Mourtos, Ioannis},
  journal={SIAM Journal on Discrete Mathematics},
  volume={28},
  number={4},
  pages={1971--1979},
  year={2014},
  publisher={SIAM}
}

@article{teo1998geometry,
  title={The geometry of fractional stable matchings and its applications},
  author={Teo, Chung-Piaw and Sethuraman, Jay},
  journal={Mathematics of Operations Research},
  volume={23},
  number={4},
  pages={874--891},
  year={1998},
  publisher={INFORMS}
}

%Encyclopedia of Algorithms
@incollection{irving2008stable,
  title={Stable Marriage},
  author={Irving, Robert W},
  booktitle={Encyclopedia of Algorithms},
  pages={877--880},
  year={2008},
  publisher={Springer}
}
@incollection{iwama2008stable,
  title={Stable marriage with ties and incomplete lists},
  author={Iwama, Kazuo and Miyazaki, Shuichi},
  booktitle={Encyclopedia of Algorithms},
  pages={883--885},
  year={2008},
  publisher={Springer}
}
@incollection{irving2008optimal,
  title={Optimal Stable Marriage},
  author={Irving, Robert W},
  booktitle={Encyclopedia of Algorithms},
  pages={606--609},
  year={2008},
  publisher={Springer}
}




