@article{rothblum1992characterization,
  title={Characterization of stable matchings as extreme points of a polytope},
  author={Rothblum, Uriel G},
  journal={Mathematical Programming},
  volume={54},
  number={1-3},
  pages={57--67},
  year={1992},
  publisher={Springer}
}

@article{knuthmariages,
  title={Mariages Stables},
  author={Knuth, DE},
  journal={Les Presses de l'Universite de Montreal, Montreal},
  year={1976}
}

@book{lau2011iterative,
  title={Iterative methods in combinatorial optimization},
  author={Lau, Lap Chi and Ravi, Ramamoorthi and Singh, Mohit},
  volume={46},
  year={2011},
  publisher={Cambridge University Press}
}

@article{gale1962college,
  title={College admissions and the stability of marriage},
  author={Gale, David and Shapley, Lloyd S},
  journal={The American Mathematical Monthly},
  volume={69},
  number={1},
  pages={9--15},
  year={1962},
  publisher={JSTOR}
}
@article{steinitz1913bedingt,
  title={Bedingt konvergente Reihen und konvexe Systeme.},
  author={Steinitz, Ernst},
  journal={Journal f{\"u}r die Reine und Angewandte Mathematik},
  volume={143},
  pages={128--176},
  year={1913}
}

@article{vate1989linear,
  title={Linear programming brings marital bliss},
  author={Vate, John H Vande},
  journal={Operations Research Letters},
  volume={8},
  number={3},
  pages={147--153},
  year={1989},
  publisher={Elsevier}
}

@article{ratier1996stable,
  title={On the stable marriage polytope},
  author={Ratier, Guillaume},
  journal={Discrete Mathematics},
  volume={148},
  number={1},
  pages={141--159},
  year={1996},
  publisher={Elsevier}
}

@inbook{roth1992two,
  title={Two-sided matching: A study in game-theoretic modeling and analysis},
  author={Roth, Alvin E and Sotomayor, Marilda A Oliveira},
  year={1992},
  publisher={Cambridge University Press},
  pages={37},
  chapter={2}
}

@article{berge1957two,
  title={Two theorems in graph theory},
  author={Berge, Claude},
  journal={Proceedings of the National Academy of Sciences},
  volume={43},
  number={9},
  pages={842--844},
  year={1957},
  publisher={National Acad Sciences}
}

@article{tutte1947factorization,
  title={The factorization of linear graphs},
  author={Tutte, William T},
  journal={Journal of the London Mathematical Society},
  volume={1},
  number={2},
  pages={107--111},
  year={1947},
  publisher={Oxford University Press}
}

@article{edmonds1965paths,
  title={Paths, trees, and flowers},
  author={Edmonds, Jack},
  journal={Canadian Journal of Mathematics},
  volume={17},
  number={3},
  pages={449--467},
  year={1965}
}

@book{cook2009combinatorial,
  title={Combinatorial optimization},
  author={Cook, William J and Cunningham, WH and Pulleyblank, WR and Schrijver, A},
  year={2009},
  publisher={Springer}
}

@article{kuhn1955hungarian,
  title={The {H}ungarian method for the assignment problem},
  author={Kuhn, Harold W},
  journal={Naval Research Logistics Quarterly},
  volume={2},
  number={1-2},
  pages={83--97},
  year={1955},
  publisher={Wiley Online Library}
}

@article{munkres1957algorithms,
  title={Algorithms for the assignment and transportation problems},
  author={Munkres, James},
  journal={Journal of the Society for Industrial and Applied Mathematics},
  volume={5},
  number={1},
  pages={32--38},
  year={1957},
  publisher={SIAM}
}

@article{birkhoff1946tres,
  title={Tres observaciones sobre el algebra lineal},
  author={Birkhoff, Garrett},
  journal={Univ. Nac. Tucum{\'a}n Rev. Ser. A},
  volume={5},
  pages={147--151},
  year={1946}
}

@article{jain2001factor,
  title={A factor 2 approximation algorithm for the generalized Steiner network problem},
  author={Jain, Kamal},
  journal={Combinatorica},
  volume={21},
  number={1},
  pages={39--60},
  year={2001},
  publisher={Springer}
}

@book{chvatal1983linear,
  title={Linear programming},
  author={Chvatal, Vasek},
  year={1983},
  publisher={Macmillan}
}

@article{dantzig1955generalized,
  title={The generalized simplex method for minimizing a linear form under linear inequality restraints},
  author={Dantzig, George B and Orden, Alex and Wolfe, Philip and others},
  journal={Pacific Journal of Mathematics},
  volume={5},
  number={2},
  pages={183--195},
  year={1955}
}

@article{smale1983average,
  title={On the average number of steps of the simplex method of linear programming},
  author={Smale, Steve},
  journal={Mathematical Programming},
  volume={27},
  number={3},
  pages={241--262},
  year={1983},
  publisher={Springer}
}

@article{grotschel1981ellipsoid,
  title={The ellipsoid method and its consequences in combinatorial optimization},
  author={Gr{\"o}tschel, Martin and Lov{\'a}sz, L{\'a}szl{\'o} and Schrijver, Alexander},
  journal={Combinatorica},
  volume={1},
  number={2},
  pages={169--197},
  year={1981},
  publisher={Springer}
}

@article{roth1984evolution,
  title={The evolution of the labor market for medical interns and residents: a case study in game theory},
  author={Roth, Alvin E},
  journal={The Journal of Political Economy},
  pages={991--1016},
  year={1984},
  publisher={JSTOR}
}

@book{knuth1997stable,
  title={Stable marriage and its relation to other combinatorial problems: An introduction to the mathematical analysis of algorithms},
  author={Knuth, Donald Ervin},
  volume={10},
  year={1997},
  publisher={American Mathematical Soc.}
}

@article{biro2010three,
  title={Three-sided stable matchings with cyclic preferences},
  author={Bir{\'o}, P{\'e}ter and McDermid, Eric},
  journal={Algorithmica},
  volume={58},
  number={1},
  pages={5--18},
  year={2010},
  publisher={Springer}
}

@incollection{farczadi2014stable,
  title={Stable marriage with general preferences},
  author={Farczadi, Linda and Georgiou, Konstantinos and K{\"o}nemann, Jochen},
  booktitle={Algorithmic Game Theory},
  pages={25--36},
  year={2014},
  publisher={Springer}
}

@article{eriksson2006three,
  title={Three-dimensional stable matching with cyclic preferences},
  author={Eriksson, Kimmo and Sj{\"o}strand, Jonas and Strimling, Pontus},
  journal={Mathematical Social Sciences},
  volume={52},
  number={1},
  pages={77--87},
  year={2006},
  publisher={Elsevier}
}

@inproceedings{iwama2008survey,
  title={A survey of the stable marriage problem and its variants},
  author={Iwama, Kazuo and Miyazaki, Shuichi},
  booktitle={International Conference on Informatics Education and Research for Knowledge-Circulating Society, 2008. ICKS 2008.},
  pages={131--136},
  year={2008},
  organization={IEEE}
}

@article{abraham2007popular,
  title={Popular matchings},
  author={Abraham, David J and Irving, Robert W and Kavitha, Telikepalli and Mehlhorn, Kurt},
  journal={SIAM Journal on Computing},
  volume={37},
  number={4},
  pages={1030--1045},
  year={2007},
  publisher={SIAM}
}

@inproceedings{kavitha2016popular,
  title={Popular Half-Integral Matchings},
  author={Kavitha, Telikepalli},
  booktitle={LIPIcs-Leibniz International Proceedings in Informatics},
  volume={55},
  year={2016},
  organization={Schloss Dagstuhl-Leibniz-Zentrum fuer Informatik}
}

@article{saidman2006increasing,
  title={Increasing the opportunity of live kidney donation by matching for two-and three-way exchanges},
  author={Saidman, Susan L and Roth, Alvin E and S{\"o}nmez, Tayfun and {\"U}nver, M Utku and Delmonico, Francis L},
  journal={Transplantation},
  volume={81},
  number={5},
  pages={773--782},
  year={2006},
  publisher={LWW}
}

@article{gale1985some,
  title={Some remarks on the stable matching problem},
  author={Gale, David and Sotomayor, Marilda},
  journal={Discrete Applied Mathematics},
  volume={11},
  number={3},
  pages={223--232},
  year={1985},
  publisher={Elsevier}
}

@article{mcvitie1971stable,
  title={The stable marriage problem},
  author={McVitie, David G and Wilson, Leslie B},
  journal={Communications of the ACM},
  volume={14},
  number={7},
  pages={486--490},
  year={1971},
  publisher={ACM}
}

@article{blair1984every,
  title={Every finite distributive lattice is a set of stable matchings},
  author={Blair, Charles},
  journal={Journal of Combinatorial Theory, Series A},
  volume={37},
  number={3},
  pages={353--356},
  year={1984},
  publisher={Elsevier}
}

@article{abeledo1991characterization,
  title={A characterization of graphs that ensure the existence of stable matchings},
  author={Abeledo, Hern{\'a}n and Isaak, Garth},
  journal={Mathematical social sciences},
  volume={22},
  number={1},
  pages={93--96},
  year={1991},
  publisher={Elsevier}
}

@article{irving1985efficient,
  title={An efficient algorithm for the stable roommates problem},
  author={Irving, Robert W},
  journal={Journal of Algorithms},
  volume={6},
  number={4},
  pages={577--595},
  year={1985},
  publisher={Elsevier}
}

@article{irving1987efficient,
  title={An efficient algorithm for the optimal stable marriage},
  author={Irving, Robert W and Leather, Paul and Gusfield, Dan},
  journal={Journal of the ACM (JACM)},
  volume={34},
  number={3},
  pages={532--543},
  year={1987},
  publisher={ACM}
}

@inproceedings{abraham2005almost,
  title={Almost stable matchings in the roommates problem},
  author={Abraham, David J and Bir{\'o}, P{\'e}ter and Manlove, David F},
  booktitle={International Workshop on Approximation and Online Algorithms},
  pages={1--14},
  year={2005},
  organization={Springer}
}

@article{irving1994stable,
  title={Stable marriage and indifference},
  author={Irving, Robert W},
  journal={Discrete Applied Mathematics},
  volume={48},
  number={3},
  pages={261--272},
  year={1994},
  publisher={Elsevier}
}

@inproceedings{kavitha2004strongly,
  title={Strongly stable matchings in time O (nm) and extension to the hospitals-residents problem},
  author={Kavitha, Telikepalli and Mehlhorn, Kurt and Michail, Dimitrios and Paluch, Katarzyna},
  booktitle={Annual Symposium on Theoretical Aspects of Computer Science},
  pages={222--233},
  year={2004},
  organization={Springer}
}

@article{manlove1999stable,
  title={Stable marriage with ties and unacceptable partners},
  author={Manlove, David F},
  journal={Technical ReportTR-1999-29 University of Glasgow, Department of Computing Science},
  year={1999},
  publisher={Citeseer}
}

@article{manlove2002hard,
  title={Hard variants of stable marriage},
  author={Manlove, David F and Irving, Robert W and Iwama, Kazuo and Miyazaki, Shuichi and Morita, Yasufumi},
  journal={Theoretical Computer Science},
  volume={276},
  number={1},
  pages={261--279},
  year={2002},
  publisher={Elsevier}
}

@article{feder1992new,
  title={A new fixed point approach for stable networks and stable marriages},
  author={Feder, Tom{\'a}s},
  journal={Journal of Computer and System Sciences},
  volume={45},
  number={2},
  pages={233--284},
  year={1992},
  publisher={Elsevier}
}

@article{abeledo1994stable,
  title={Stable matchings and linear inequalities},
  author={Abeledo, Hern{\'a}n G and Rothblum, Uriel G},
  journal={Discrete Applied Mathematics},
  volume={54},
  number={1},
  pages={1--27},
  year={1994},
  publisher={Elsevier}
}

@article{ng1991three,
  title={Three-dimensional stable matching problems},
  author={Ng, Cheng and Hirschberg, Daniel S},
  journal={SIAM Journal on Discrete Mathematics},
  volume={4},
  number={2},
  pages={245--252},
  year={1991},
  publisher={SIAM}
}

@article{roth1996nrmp,
  title={The NRMP as a Labor Market: understanding the current study of the match},
  author={Roth, Alvin},
  journal={Journal of the American Medical Association},
  volume={275},
  pages={1054--1056},
  year={1996}
}

@techreport{economic2012stable,
  title={Stable matching: Theory, Evidence, and Practical Design-The {S}veriges {R}iksbank {P}rize in Economic Sciences in Memory of {A}lfred {N}obel 2012: Scientific Background},
  author={Economic Sciences Prize Committee and others},
  year={2012},
  institution={Tech. rep. The Nobel Foundation, Stockholm, Sweden}
}

@book{gusfield1989stable,
  title={The stable marriage problem: structure and algorithms},
  author={Gusfield, Dan and Irving, Robert W},
  year={1989},
  publisher={MIT press}
}

@book{manlove2013algorithmics,
  title={Algorithmics of matching under preferences},
  author={Manlove, David F},
  volume={2},
  year={2013},
  publisher={World Scientific}
}

@article{gusfield1987every,
  title={Every finite distributive lattice is a set of stable matchings for a small stable marriage instance},
  author={Gusfield, Dan and Irving, Robert and Leather, Paul and Saks, Michael},
  journal={Journal of Combinatorial Theory, Series A},
  volume={44},
  number={2},
  pages={304--309},
  year={1987},
  publisher={Elsevier}
}

@book{cormen2009introduction,
  title={Introduction to algorithms},
  author={Cormen, Thomas H and Leiserson, Charles E and Rivest, Ronald L and Stein, Clifford},
  year={2009},
  publisher={MIT press}
}